<?xml version="1.0" encoding="utf-8"?>
<record xmlns="http://www.loc.gov/MARC21/slim" xmlns:xsi="http://www.w3.org/2001/XMLSchema-instance" xsi:schemaLocation="http://www.loc.gov/MARC21/slim http://www.loc.gov/standards/marcxml/schema/MARC21slim.xsd">
	<leader>     nam a22        4500</leader>
	<controlfield tag="001">b12480186</controlfield>
	<controlfield tag="003">LeBAU</controlfield>
	<controlfield tag="006">m        d        </controlfield>
	<controlfield tag="007">cr cn |||m|||a</controlfield>
	<controlfield tag="008">170718m19061913ua      o     ||0 0 ara d</controlfield>
	<datafield ind1=" " ind2=" " tag="040">
		<subfield code="a">NNU</subfield>
		<subfield code="b">ara</subfield>
		<subfield code="e">rda</subfield>
		<subfield code="c">NNU</subfield>
	</datafield>
	<datafield ind1="0" ind2="4" tag="082">
		<subfield code="a">349.297</subfield>
		<subfield code="2">20</subfield>
	</datafield>
	<datafield ind1="1" ind2=" " tag="100">
		<subfield code="6">880-01</subfield>
		<subfield code="a">Sarakhsī, Muḥammad ibn Aḥmad,</subfield>
		<subfield code="d">active 11th century,</subfield>
		<subfield code="e">author.</subfield>
	</datafield>
	<datafield ind1="1" ind2="0" tag="245">
		<subfield code="6">880-02</subfield>
		<subfield code="a">Kitāb al-mabsūt li-Shams al-Dīn al-Sarakhsī :</subfield>
		<subfield code="b">al-muḥtawī ʻalá kutub ẓahir al-riwāyah li-al-Imām Muḥammad ibn al-Ḥasan al-Shaybānī ʻan al-imām al-aʻẓam Abī Ḥanīfah /</subfield>
		<subfield code="c">qad bāshara ḥaḍrat al-‘allāmah al-fāḍil al-jahbadh al-shahīr al-Shaykh Muḥammad Rāḍī al Ḥanafī taṣḥīḥ hadhā al-kitāb bi-musā‘adat jamā‘ah min dhawī al-diqqah min ahl al-‘ilm.</subfield>
	</datafield>
	<datafield ind1="3" ind2="0" tag="246">
		<subfield code="6">880-03</subfield>
		<subfield code="a">al-Mabsūt li-Shams al-Dīn al-Sarakhsī</subfield>
	</datafield>
	<datafield ind1=" " ind2="1" tag="264">
		<subfield code="6">880-04</subfield>
		<subfield code="a">Miṣr :</subfield>
		<subfield code="b">Maṭba‘at al-Sa‘ādah,</subfield>
		<subfield code="c">1324-1331 H., [1906-1913? M.]</subfield>
	</datafield>
	<datafield ind1=" " ind2=" " tag="300">
		<subfield code="6">880-05</subfield>
		<subfield code="a">online resource (15 volumes)</subfield>
	</datafield>
	<datafield ind1=" " ind2=" " tag="336">
		<subfield code="a">text</subfield>
		<subfield code="2">rdacontent</subfield>
	</datafield>
	<datafield ind1=" " ind2=" " tag="337">
		<subfield code="a">computer</subfield>
		<subfield code="2">rdamedia</subfield>
	</datafield>
	<datafield ind1=" " ind2=" " tag="338">
		<subfield code="a">online resource</subfield>
		<subfield code="2">rdacarrier</subfield>
	</datafield>
	<datafield ind1=" " ind2=" " tag="500">
		<subfield code="a">30 جزء ببليوغرافي في 15 جزء مادي.</subfield>
	</datafield>
	<datafield ind1=" " ind2=" " tag="500">
		<subfield code="a">الجزء الحادي والثلاثون عبارة عن فهرس وهو متوفر بطبعة أحدث عن دار المعرفة، 1980.</subfield>
	</datafield>
	<datafield ind1=" " ind2=" " tag="500">
		<subfield code="a">&quot;أول طبعة ظهرت على وجه البسيطة لهذا الكتاب الجليل&quot;--صفحة العنوان.</subfield>
	</datafield>
	<datafield ind1=" " ind2=" " tag="500">
		<subfield code="a">Part of the Arabic Collections Online (ACO) project, contributed by American University of Beirut's Jafet Memorial Library.</subfield>
	</datafield>
	<datafield ind1=" " ind2=" " tag="533">
		<subfield code="a">Electronic reproduction.</subfield>
		<subfield code="b">New York, N.Y. :</subfield>
		<subfield code="c">New York University,</subfield>
		<subfield code="d">2017.</subfield>
		<subfield code="5">NNU</subfield>
	</datafield>
	<datafield ind1=" " ind2="4" tag="650">
		<subfield code="a">الفقه الاسلامي</subfield>
		<subfield code="x">تفسير وبنية</subfield>
		<subfield code="v">اعمال قديمة حتى 1800.</subfield>
	</datafield>
	<datafield ind1=" " ind2="4" tag="650">
		<subfield code="a">المذهب الحنفي</subfield>
		<subfield code="v">اعمال قديمة حتى 1800.</subfield>
	</datafield>
	<datafield ind1=" " ind2="0" tag="650">
		<subfield code="a">Islamic law</subfield>
		<subfield code="x">Interpretation and construction</subfield>
		<subfield code="v">Early works to 1800.</subfield>
	</datafield>
	<datafield ind1=" " ind2="0" tag="650">
		<subfield code="a">Hanafites</subfield>
		<subfield code="v">Early works to 1800.</subfield>
	</datafield>
	<datafield ind1="1" ind2="2" tag="700">
		<subfield code="6">880-06</subfield>
		<subfield code="a">Shaybānī, Muḥammad ibn al-Ḥasan,</subfield>
		<subfield code="d">approximately 750-804 or 805.</subfield>
		<subfield code="t">Ẓahir al-riwāyah.</subfield>
	</datafield>
	<datafield ind1="1" ind2=" " tag="700">
		<subfield code="6">880-07</subfield>
		<subfield code="a">Rāḍī, Muḥammad,</subfield>
		<subfield code="e">corrector.</subfield>
	</datafield>
	<datafield ind1="1" ind2=" " tag="700">
		<subfield code="6">880-08</subfield>
		<subfield code="i">is catalogue (work):</subfield>
		<subfield code="a">Mays, Khalīl.</subfield>
		<subfield code="t">Fahāris al-mabsūṭ li-Shams al-Dīn al-Sarkhasī</subfield>
		<subfield code="g">Bayrūt, Lubnān : Dār al-Ma‘rīfah lil-Ṭibā‘ah wa-al-Nashr, 1980.</subfield>
	</datafield>
	<datafield ind1="2" ind2=" " tag="710">
		<subfield code="a">Jafet Memorial Library.</subfield>
	</datafield>
	<datafield ind1="0" ind2=" " tag="730">
		<subfield code="a">Arabic Collections Online.</subfield>
	</datafield>
	<datafield ind1="0" ind2="8" tag="776">
		<subfield code="i">Print version:</subfield>
		<subfield code="a">Sarakhsī, Muḥammad ibn Aḥmad, active 11th century, author.</subfield>
		<subfield code="t">Kitāb al-mabsūt li-Shams al-Dīn al-Sarakhsī</subfield>
		<subfield code="w">(LeBAU)b12480186</subfield>
	</datafield>
	<datafield ind1="4" ind2="0" tag="856">
		<subfield code="u">http://hdl.handle.net/2333.1/n02v72r7</subfield>
	</datafield>
	<datafield ind1="1" ind2=" " tag="880">
		<subfield code="6">100-01/(3/r</subfield>
		<subfield code="a">السرخسي، محمد بن احمد،</subfield>
		<subfield code="d">اشتهر في القرن 11،</subfield>
		<subfield code="e">مؤلف. </subfield>
		<subfield code="4">aut.</subfield>
	</datafield>
	<datafield ind1="1" ind2="0" tag="880">
		<subfield code="6">245-02/(3/r</subfield>
		<subfield code="a">كتاب المبسوط لشمس الدين السرخسي :</subfield>
		<subfield code="b">المحتوي على كتب ظاهر الرواية للإمام محمد بن الحسن الشيباني عن الإمام الأعظم أبي حنيفة /</subfield>
		<subfield code="c">قد باشر حضرة العلامة الفاضل الجهبذ الشهير الشيخ محمد راضي الحنفي تصحيح هذا الكتاب بمساعدة جماعة من ذوي الدقة من أهل العلم.</subfield>
	</datafield>
	<datafield ind1="3" ind2="0" tag="880">
		<subfield code="6">246-03/(3/r</subfield>
		<subfield code="a">المبسوط لشمس الدين السرخسي</subfield>
	</datafield>
	<datafield ind1=" " ind2="1" tag="880">
		<subfield code="6">264-04/(3/r</subfield>
		<subfield code="a">مصر :</subfield>
		<subfield code="b">مطبعة السعادة،</subfield>
		<subfield code="c">1324-1331 هـ.، [1906-1913؟ م.]</subfield>
	</datafield>
	<datafield ind1=" " ind2=" " tag="880">
		<subfield code="6">300-05/(3/r</subfield>
		<subfield code="a">16 جزء ؛</subfield>
		<subfield code="c">28 سم</subfield>
	</datafield>
	<datafield ind1="1" ind2="2" tag="880">
		<subfield code="6">700-06/(3/r</subfield>
		<subfield code="a">الشيباني، محمد بن الحسن،</subfield>
		<subfield code="d">حوالى 750-804 او 805.</subfield>
		<subfield code="t">ظاهر الرواية.</subfield>
	</datafield>
	<datafield ind1="1" ind2=" " tag="880">
		<subfield code="6">700-07/(3/r</subfield>
		<subfield code="a">راضي، محمد،</subfield>
		<subfield code="e">مصحح. </subfield>
		<subfield code="4">crr.</subfield>
	</datafield>
	<datafield ind1="1" ind2=" " tag="880">
		<subfield code="6">700-08/(3/r</subfield>
		<subfield code="i">مفهرس في (عمل):</subfield>
		<subfield code="a">الميس، خليل.</subfield>
		<subfield code="t">فهارس المبسوط لشمس الدين السرخسي</subfield>
		<subfield code="g">بيروت، لبنان : دار المعرفة للطباعة والنشر، 1980.</subfield>
	</datafield>
	<datafield ind1=" " ind2=" " tag="959">
		<subfield code="a">NNU</subfield>
		<subfield code="b">WEB</subfield>
		<subfield code="c">GENI</subfield>
		<subfield code="t">0</subfield>
		<subfield code="m">Electronic access</subfield>
		<subfield code="s">01</subfield>
	</datafield>
	<datafield ind1=" " ind2=" " tag="999">
		<subfield code="i">LeBAU_b12480186</subfield>
		<subfield code="s">aub_aco001108:v.1-2</subfield>
		<subfield code="s">aub_aco001109:v.3-4</subfield>
		<subfield code="s">aub_aco001110:v.5-6</subfield>
		<subfield code="s">aub_aco001111:v.7-8</subfield>
		<subfield code="s">aub_aco001112:v.9-10</subfield>
		<subfield code="s">aub_aco001113:v.11-12</subfield>
		<subfield code="s">aub_aco001114:v.13-14</subfield>
		<subfield code="s">aub_aco001115:v.15-16</subfield>
		<subfield code="s">aub_aco001116:v.17-18</subfield>
		<subfield code="s">aub_aco001117:v.19-20</subfield>
		<subfield code="s">aub_aco001118:v.21-22</subfield>
		<subfield code="s">aub_aco001119:v.23-24</subfield>
		<subfield code="s">aub_aco001120:v.25-26</subfield>
		<subfield code="s">aub_aco001121:v.27-28</subfield>
		<subfield code="s">aub_aco001122:v.29-30</subfield>
		<subfield code="e">(ERROR-MISC)</subfield>
	</datafield>
</record>
